<record><leader>00000cas a2200000 a 4500</leader><controlfield tag="001">12347983</controlfield><controlfield tag="008">850805d19351953ksuwr ne      0    0eng d</controlfield><datafield ind1=" " ind2=" " tag="010"><subfield code="a">sn 85031962 </subfield></datafield><datafield ind1=" " ind2=" " tag="040"><subfield code="a">KSH</subfield><subfield code="b">eng</subfield><subfield code="c">KSH</subfield><subfield code="d">NPT</subfield><subfield code="d">OCL</subfield><subfield code="d">OCLCQ</subfield></datafield><datafield ind1=" " ind2=" " tag="042"><subfield code="a">msc</subfield></datafield><datafield ind1="0" ind2="4" tag="245"><subfield code="a">The Norton County champion.</subfield></datafield><datafield ind1=" " ind2=" " tag="260"><subfield code="a">Norton, Kan. :</subfield><subfield code="b">John R. Peach,</subfield><subfield code="c">1935-1953.</subfield></datafield><datafield ind1=" " ind2=" " tag="300"><subfield code="a">18 v. :</subfield><subfield code="b">ill. ;</subfield><subfield code="c">59 cm.</subfield></datafield><datafield ind1=" " ind2=" " tag="310"><subfield code="a">Weekly</subfield></datafield><datafield ind1="0" ind2=" " tag="362"><subfield code="a">Vol. 52, no. 26 (June 13, 1935)-v. 69, no. 30 (June 25, 1953).</subfield></datafield><datafield ind1=" " ind2=" " tag="752"><subfield code="a">United States</subfield><subfield code="b">Kansas</subfield><subfield code="c">Norton</subfield><subfield code="d">Norton.</subfield></datafield><datafield ind1="0" ind2="0" tag="780"><subfield code="t">Norton champion (Norton, Kan. : 1933)</subfield><subfield code="w">(DLC)sn 85031980</subfield></datafield><datafield ind1="0" ind2="5" tag="780"><subfield code="t">Edmond new leaf</subfield><subfield code="g">Oct. 1936</subfield><subfield code="w">(DLC)sn 85031947</subfield></datafield></record>